<record><leader>00000cas a22000007a 4500</leader><controlfield tag="001">19610068</controlfield><controlfield tag="008">890426d18961901mouwr ne      0    0eng d</controlfield><datafield ind1=" " ind2=" " tag="010"><subfield code="a">sn 89066490 </subfield></datafield><datafield ind1=" " ind2=" " tag="040"><subfield code="a">MQN</subfield><subfield code="c">MQN</subfield><subfield code="d">MXM</subfield></datafield><datafield ind1=" " ind2=" " tag="043"><subfield code="a">n-us-mo</subfield></datafield><datafield ind1="0" ind2="0" tag="245"><subfield code="a">Butler free press.</subfield></datafield><datafield ind1=" " ind2=" " tag="260"><subfield code="a">Butler, Bates County, Mo. :</subfield><subfield code="b">Independent Print. and Pub. Co.,</subfield><subfield code="c">1896-1901.</subfield></datafield><datafield ind1=" " ind2=" " tag="300"><subfield code="a">v.</subfield></datafield><datafield ind1=" " ind2=" " tag="310"><subfield code="a">Weekly</subfield></datafield><datafield ind1="0" ind2=" " tag="362"><subfield code="a">Vol. 8, no. 42 (Jan. 3, 1896)-v. 14, no. 30 (July 26, 1901) = Whole no. 355-whole no. 638.</subfield></datafield><datafield ind1=" " ind2="0" tag="651"><subfield code="a">Butler (Mo.)</subfield><subfield code="v">Newspapers.</subfield></datafield><datafield ind1=" " ind2="0" tag="651"><subfield code="a">Bates County (Mo.)</subfield><subfield code="v">Newspapers.</subfield></datafield><datafield ind1=" " ind2=" " tag="752"><subfield code="a">United States</subfield><subfield code="b">Missouri</subfield><subfield code="c">Bates</subfield><subfield code="d">Butler.</subfield></datafield><datafield ind1="0" ind2="0" tag="780"><subfield code="t">Weekly union (Butler, Mo.)</subfield><subfield code="w">(DLC)sn 89066497</subfield></datafield><datafield ind1="0" ind2="7" tag="785"><subfield code="t">Bates County republican</subfield></datafield><datafield ind1="0" ind2="7" tag="785"><subfield code="t">Republican press (Butler, Mo.)</subfield><subfield code="w">(DLC)sn 83016920</subfield></datafield></record>